@misc{bias_variance,
	copyright = {Creative Commons Attribution-ShareAlike License},
	journal = {Wikipedia},
	language = {en},
	month = apr,
	note = {Page Version ID: 1018809373},
	title = {Bias--variance tradeoff},
	url = {https://en.wikipedia.org/w/index.php?title=Bias_variance_tradeoff&oldid=1018809373},
	urldate = {2021-04-27},
	year = {2021}
}

@misc{rob_arimax,
	month = oct,
	year = {2010},
	author = {Rob, Hundman},
	title = {The {ARIMAX} model muddle},
	url = {https://robjhyndman.com/hyndsight/arimax/},
	urldate = {2021-04-27}
}


@misc{noauthor_dickeyfuller_2021,
	title = {Dickey–{Fuller} test},
	copyright = {Creative Commons Attribution-ShareAlike License},
	url = {https://en.wikipedia.org/w/index.php?title=Dickey_Fuller_test&oldid=1019701572},
	language = {en},
	urldate = {2021-04-28},
	journal = {Wikipedia},
	month = apr,
	year = {2021},
	note = {Page Version ID: 1019701572},
}

@misc{gauss,
	title = {Gauss–{Markov} theorem},
	copyright = {Creative Commons Attribution-ShareAlike License},
	url = {https://en.wikipedia.org/w/index.php?title=Gauss_Markov_theorem&oldid=1014393295},
	language = {en},
	urldate = {2021-04-30},
	journal = {Wikipedia},
	month = mar,
	year = {2021},
	note = {Page Version ID: 1014393295},
}
